@article{2005AJ....129.1993M,
   author = {{Manchester}, R.~N. and {Hobbs}, G.~B. and {Teoh}, A. and {Hobbs}, M.
    },
    title = "{The Australia Telescope National Facility Pulsar Catalogue}",
  journal = {The Astronomical Journal},
   eprint = {astro-ph/0412641},
 keywords = {Catalogs, Stars: Pulsars: General},
     year = 2005,
    month = apr,
   volume = 129,
    pages = {1993-2006},
      doi = {10.1086/428488},
   adsurl = {http://adsabs.harvard.edu/abs/2005AJ....129.1993M},
  adsnote = {Provided by the SAO/NASA Astrophysics Data System}
}

@article{2010A&A...518A..10V,
   author = {{V{\'e}ron-Cetty}, M.-P. and {V{\'e}ron}, P.},
    title = "{A catalogue of quasars and active nuclei: 13th edition}",
  journal = {Astronomy and Astrophysics},
 keywords = {quasars: general, galaxies: Seyfert, BL Lacertae objects: general},
     year = 2010,
    month = jul,
   volume = 518,
      eid = {A10},
    pages = {A10},
      doi = {10.1051/0004-6361/201014188},
   adsurl = {http://adsabs.harvard.edu/abs/2010A%26A...518A..10V},
  adsnote = {Provided by the SAO/NASA Astrophysics Data System}
}

@article{samus,
    author = {{Samus}, N. N. and {Durlevich}, O. V. and {Goranskij}, V.P. and {Kazarovets}, E. V. and {Kireeva}, N.N. and {Pastukhova}, E.N. and {Zharova}, A.V.},
    title = "General Catalogue of Variable Stars (Samus+ 2007-2015)",
    journal = "VizieR On-line Data Catalog",
    year = "2015",
    number = "B/gcvs",
    pages = "1",
    language = "english"
}

@article{1988A&A...202..309B,
   author = {{Bretagnon}, P. and {Francou}, G.},
    title = "{Planetary theories in rectangular and spherical variables - VSOP 87 solutions}",
  journal = {Astronomy and Astrophysics},
 keywords = {Celestial Mechanics, Planetology, Precession, Secular Variations, Solar System, Algorithms, Computational Astrophysics, Earth-Moon System, Orbit Perturbation, Solar Orbits, Variable},
     year = 1988,
    month = aug,
   volume = 202,
    pages = {309-315},
   adsurl = {http://adsabs.harvard.edu/abs/1988A%26A...202..309B},
  adsnote = {Provided by the SAO/NASA Astrophysics Data System}
}


@Article{2011AA:Vondrak,
  author = 		 {J. {Vondr{\'a}k} and N. Capitaine and P. Wallace},
  title = 		 {New precession expressions, valid for long time intervals},
  journal = 	 {Astronomy and Astrophysics},
  keywords =     {astrometry, ephemerides, reference systems},
  year = 		 {2011},
  volume = 	 {534},
  number = 	 {A22},
  pages = 	 {1--19},
  doi = 	 {10.1051/0004-6361/201117274}
}

@Article{Kwon:2004:ZodiacalLight,
  author = 		 {Kwon, S. M. and Hong, S. S. and Weinberg, J. L.},
  title = 		 {An observational model of the zodiacal light brightness distribution},
  journal = 	 {New Astronomy},
  year = 		 {2004},
  volume = 	 {10},
  pages = 	 {91--107},
doi = {doi:10.1016/j.newast.2004.05.004}
}

@Article{Brown:JSA2015,
  author = 		 {Daniel Brown},
  title = 		 {{E}xploring {S}kyscape in {S}tellarium},
  journal = 	 {Journal of Skyscape Archaeology},
  year = 		 {2015},
  volume = 	 {1},
  number = 	 {1},
  pages = 	 {93--111}
}

@InProceedings{Zotti-Neubauer:SEAC2011,
	author = {Georg Zotti and Wolfgang Neubauer},
	title = {{A}stronomical and {T}opographical {O}rientation of {K}reisgrabenanlagen in {L}ower {A}ustria},
	OPTcrossref =    {},
	OPTkey =         {},
	booktitle =      {SEAC2011 Stars and Stones: Voyages in Archaeoastronomy and Cultural Astronomy},
	pages =       {188-193},
	year = 		 {2015},
	editor = 	 {Fernando Pimenta and N. Ribeiro and Fabio Silva and Nick Campion and A. Joaquinito and L. Tirapicos},
	OPTvolume = 	 {},
	number = 	 {2720},
	series = 	 {BAR International Series},
	address = 	 {Oxford},
	OPTmonth = 		 {},
	OPTorganization = {},
	publisher = {Archaeopress},
    ISBN = {978 1 4073 1373 3},
	OPTnote = 		 {},
	OPTannote = 	 {(Proc. SEAC2011, Evora, Portugal)}
}


@InProceedings{Zotti-Neubauer:VSMM2012,
  author = 	 {Georg Zotti and Wolfgang Neubauer},
  title = 	 {A {V}irtual {R}econstruction {A}pproach for {A}rchaeoastronomical {R}esearch},
  booktitle = {Proc. VSMM2012 (Virtual Systems in the Information Society)},
  pages = 	 {33--40},
  year = 	 {2012},
  editor = 	 {Gabriele Guidi and Alonzo C. Addison},
  address = 	 {Milano},
  month = 	 {September},
  organization = {IEEE},
  publisher = {IEEE},
  isbn = {978-1-4673-2563-9}
}

@InProceedings{Zotti-Neubauer:EuroMed2012,
  author = 	 {Georg Zotti and Wolfgang Neubauer},
  title = 	 {{V}irtual {R}econstructions in a {D}esktop {P}lanetarium for {D}emonstrations in {C}ultural {A}stronomy},
  booktitle =    {Progress in Cultural Heritage Preservation 
                  (Proc. 4th International Conference EuroMed 2012, Limassol, Cyprus, Oct. 29--Nov. 3, 2012)},
  pages = 	 {170--180},
  year = 	 {2012},
  editor = 	 {Ioannides, M. and Fritsch, D. and Leissner, J. and Davies, R. and Remondino, F. and Caffo, R.},
  volume = 	 {7616},
  series = 	 {Lecture Notes in Computer Science},
  address = 	 {Heidelberg},
  month = 	 {November},
  publisher = {Springer},
  OPTnextEntry = {CD-ROM ISBN if this makes a difference},
  ISBN = {978-3-642-34233-2}
}


@InCollection{Zotti:2012:SpringerAA,
  author = 	 {Georg Zotti},
  title = 	 {Visualization {T}ools and {T}echniques},
  booktitle = 	 {Handbook for Archaeoastronomy and Ethnoastronomy},
  pages = 	 {445--457},
  publisher = {Springer Reference},
  year = 	 {2015},
  editor = 	 {Clive L.N. Ruggles},
  volume = 	 {1},
  chapter = 	 {29},
  address = 	 {New York},
}


@InProceedings{Zotti-Wuchterl:SEAC2014,
	author = {Georg Zotti and G{\"u}nther Wuchterl},
	title = {{R}aising {A}wareness on {N}octurnal {L}ight {P}ollution around {A}stronomical {C}ultural {H}eritage {S}ites},
	booktitle =      {Proc. SEAC2014, Malta},
	OPTpages =       {},
	year = 		 {2016},
	editor = 	 {Tore Lomsdalen and others},
    note = {to appear}
}


@InProceedings{Zotti:CHNT2015,
  author = 		 {Georg Zotti},
  title = 		 {Archaeoastronomical Simulations in a Desktop Planetarium},
  OPTcrossref =  {},
  OPTkey = 		 {},
  booktitle = {Proc. CHNT2015},
  OPTpages = 	 {},
  year = 	 {2016},
  editor = 	 {Wolfgang B{\"o}rner},
  OPTvolume = 	 {},
  OPTnumber = 	 {},
  OPTseries = 	 {},
  OPTaddress = 	 {},
  OPTmonth = 	 {},
  OPTorganization = {},
  OPTpublisher = {},
  note = 	 {TO APPEAR},
  OPTannote = 	 {}
}

@InProceedings{Zotti:SEAC2015,
	author = {Georg Zotti},
	title = {{V}irtual {A}rchaeoastronomy},
	OPTcrossref =    {},
	OPTkey =         {},
	booktitle =      {Proc. SEAC2015, Rome},
	OPTpages =       {},
	year = 		 {2016},
	editor = 	 {Polcaro, Vito F. and others},
	OPTvolume = 	 {},
	OPTnumber = 	 {},
	OPTseries = 	 {},
	OPTaddress = 	 {},
	OPTmonth = 		 {},
	OPTorganization = {},
	OPTpublisher = {},
	note = 		 {to appear in MAA},
	OPTannote = 	 {}
}
